<record><leader>00000cas a2200000 a 4500</leader><controlfield tag="001">9387214</controlfield><controlfield tag="008">830408d19821992kyuwr ne      0   a0eng d</controlfield><datafield ind1=" " ind2=" " tag="010"><subfield code="a">sn 83007382 </subfield></datafield><datafield ind1=" " ind2=" " tag="040"><subfield code="a">NSD</subfield><subfield code="b">eng</subfield><subfield code="c">NSD</subfield><subfield code="d">KNP</subfield><subfield code="d">NSD</subfield><subfield code="d">DLC</subfield><subfield code="d">KNP</subfield><subfield code="d">OCLCQ</subfield><subfield code="d">KYUBL</subfield><subfield code="d">OCLCF</subfield><subfield code="d">OCLCO</subfield></datafield><datafield ind1=" " ind2=" " tag="012"><subfield code="j">1</subfield><subfield code="m">d</subfield></datafield><datafield ind1="1" ind2=" " tag="022"><subfield code="a">0745-7006</subfield><subfield code="l">0745-7006</subfield><subfield code="2">1</subfield></datafield><datafield ind1="1" ind2=" " tag="029"><subfield code="a">AU@</subfield><subfield code="b">000025796369</subfield></datafield><datafield ind1=" " ind2=" " tag="037"><subfield code="b">Butler County Banner, Inc., Box 216, Morgantown, Ky. 42261</subfield></datafield><datafield ind1=" " ind2=" " tag="042"><subfield code="a">nsdp</subfield><subfield code="a">msc</subfield></datafield><datafield ind1=" " ind2="0" tag="222"><subfield code="a">Butler County banner</subfield></datafield><datafield ind1="0" ind2="0" tag="245"><subfield code="a">Butler County banner.</subfield></datafield><datafield ind1="3" ind2="0" tag="246"><subfield code="a">Banner</subfield></datafield><datafield ind1=" " ind2=" " tag="260"><subfield code="a">Morgantown, Butler County, Ky. :</subfield><subfield code="b">Butler County Banner</subfield></datafield><datafield ind1=" " ind2=" " tag="300"><subfield code="a">v. :</subfield><subfield code="b">ill.</subfield></datafield><datafield ind1=" " ind2=" " tag="310"><subfield code="a">Weekly</subfield></datafield><datafield ind1="0" ind2=" " tag="362"><subfield code="a">Vol. 1, no. 1 (Nov. 30, 1982)-v.10, no. 30 (June 24, 1992).</subfield></datafield><datafield ind1=" " ind2=" " tag="580"><subfield code="a">Merged with: Green River Republican; to form: Butler County banner and the Green River Republican.</subfield></datafield><datafield ind1=" " ind2="0" tag="651"><subfield code="a">Butler County (Ky.)</subfield><subfield code="v">Newspapers.</subfield></datafield><datafield ind1=" " ind2="0" tag="651"><subfield code="a">Morgantown (Ky.)</subfield><subfield code="v">Newspapers.</subfield></datafield><datafield ind1=" " ind2="7" tag="655"><subfield code="a">Newspapers.</subfield><subfield code="2">fast</subfield><subfield code="0">(OCoLC)fst01423814</subfield></datafield><datafield ind1=" " ind2="7" tag="651"><subfield code="a">Kentucky</subfield><subfield code="z">Butler County.</subfield><subfield code="2">fast</subfield><subfield code="0">(OCoLC)fst01215987</subfield></datafield><datafield ind1=" " ind2="7" tag="651"><subfield code="a">Kentucky</subfield><subfield code="z">Morgantown.</subfield><subfield code="2">fast</subfield><subfield code="0">(OCoLC)fst01218335</subfield></datafield><datafield ind1=" " ind2=" " tag="752"><subfield code="a">United States</subfield><subfield code="b">Kentucky</subfield><subfield code="c">Butler</subfield><subfield code="d">Morgantown.</subfield></datafield><datafield ind1="1" ind2="7" tag="785"><subfield code="t">Green River Republican</subfield><subfield code="w">(DLC)sn 86069302</subfield><subfield code="w">(OCoLC)13905322</subfield></datafield><datafield ind1="1" ind2="7" tag="785"><subfield code="t">Butler County banner and the Green River Republican</subfield><subfield code="x">1064-895X</subfield><subfield code="w">(DLC)sn 92005193</subfield><subfield code="w">(OCoLC)26450171</subfield></datafield><datafield ind1=" " ind2=" " tag="936"><subfield code="a">Mar. 29, 1983 LIC</subfield></datafield></record>